@inproceedings{Iben:2013,
 author = {Iben, Hayley and Meyer, Mark and Petrovic, Lena and Soares, Olivier and Anderson, John and Witkin, Andrew},
 title = {Artistic Simulation of Curly Hair},
 booktitle = {Proceedings of the 12th ACM SIGGRAPH/Eurographics Symposium on Computer Animation},
 series = {SCA '13},
 year = {2013},
 isbn = {978-1-4503-2132-7},
 location = {Anaheim, California},
 pages = {63--71},
 numpages = {9},
 url = {http://doi.acm.org/10.1145/2485895.2485913},
 doi = {10.1145/2485895.2485913},
 acmid = {2485913},
 publisher = {ACM},
 address = {New York, NY, USA},
 keywords = {hair simulation, mass-spring models},
} 

@article {Hadap:2001,
journal = {Computer Graphics Forum},
title = {{Modeling Dynamic Hair as a Continuum}},
author = {Hadap, Sunil and Magnenat-Thalmann, Nadia},
year = {2001},
publisher = {Blackwell Publishers Ltd and the Eurographics Association},
ISSN = {1467-8659},
DOI = {10.1111/1467-8659.00525}
}

@article {Bando:2003,
journal = {Computer Graphics Forum},
title = {{Animating Hair with Loosely Connected Particles}},
author = {Bando, Yosuke and Chen, Bing-Yu and Nishita, Tomoyuki},
year = {2003},
publisher = {Blackwell Publishers, Inc and the Eurographics Association},
ISSN = {1467-8659},
DOI = {10.1111/1467-8659.00688}
}

@article{Bergou:2008,
 author = {Bergou, Mikl\'{o}s and Wardetzky, Max and Robinson, Stephen and Audoly, Basile and Grinspun, Eitan},
 title = {Discrete Elastic Rods},
 journal = {ACM Trans. Graph.},
 issue_date = {August 2008},
 volume = {27},
 number = {3},
 month = aug,
 year = {2008},
 issn = {0730-0301},
 pages = {63:1--63:12},
 articleno = {63},
 numpages = {12},
 url = {http://doi.acm.org/10.1145/1360612.1360662},
 doi = {10.1145/1360612.1360662},
 acmid = {1360662},
 publisher = {ACM},
 address = {New York, NY, USA},
 keywords = {discrete differential geometry, discrete holonomy, rods, strands},
}

@article {Pai:2002,
journal = {Computer Graphics Forum},
title = {{STRANDS: Interactive Simulation of Thin Solids using Cosserat Models}},
author = {Pai, Dinesh K.},
year = {2002},
publisher = {Blackwell Publishers, Inc and the Eurographics Association},
ISSN = {1467-8659},
DOI = {10.1111/1467-8659.00594}
}

@inproceedings{Gregoire:2006,
 author = {Gr{\'e}goire, Mireille and Sch\"{o}mer, Elmar},
 title = {Interactive Simulation of One-dimensional Flexible Parts},
 booktitle = {Proceedings of the 2006 ACM Symposium on Solid and Physical Modeling},
 series = {SPM '06},
 year = {2006},
 isbn = {1-59593-358-1},
 location = {Cardiff, Wales, United Kingdom},
 pages = {95--103},
 numpages = {9},
 url = {http://doi.acm.org/10.1145/1128888.1128902},
 doi = {10.1145/1128888.1128902},
 acmid = {1128902},
 publisher = {ACM},
 address = {New York, NY, USA},
 keywords = {cable simulation, cosserat model, modelling of torsion},
} 

@TECHREPORT{Hanson:1995,
    author = {Andrew J. Hanson and Hui Ma},
    title = {Parallel transport approach to curve framing},
    institution = {},
    year = {1995}
}

@article{selle:2008,
  title={A mass spring model for hair simulation},
  author={Selle, Andrew and Lentine, Michael and Fedkiw, Ronald},
  journal={ACM Transactions on Graphics (TOG)},
  volume={27},
  number={3},
  pages={64},
  year={2008},
  publisher={ACM}
}

@article{audoly:2006,
  title={Super-Helices for Predicting the Dynamics of Natural Hair},
  author={Audoly, Basile and Bertails, Florence and Cani, Marie-Paule and L{\'e}v{\^e}que, Jean-Luc and Querleux, Bernard and Leroy, Fr{\'e}d{\'e}ric},
  journal={ACM transactions on graphics},
  number={3},
  pages={1180--1187},
  year={2006},
  publisher={Association for Computing Machinery, ACM}
}

@Article\{Ward:2007,
  author       = "Ward, Kelly and Bertails, Florence and Kim, Tae-Yong and Marschner, Stephen R. and Cani, Marie-Paule and Lin, Ming",
  title        = "A Survey on Hair Modeling: Styling, Simulation, and Rendering",
  journal      = "IEEE Transactions on Visualization and Computer Graphics (TVCG)",
  number       = "2",
  volume       = "13",
  pages        = "213-34",
  month        = "Mar-Apr",
  year         = "2007",
  note         = "To appear",
  url          = "http://www-evasion.imag.fr/Publications/2007/WBKMCL07"
}

@inproceedings{Bertails:2008,
 author = {Bertails, Florence and Hadap, Sunil and Cani, Marie-Paule and Lin, Ming and Kim, Tae-Yong and Marschner, Steve and Ward, Kelly and Ka\v{c}i\'{c}-Alesi\'{c}, Zoran},
 title = {Realistic Hair Simulation: Animation and Rendering},
 booktitle = {ACM SIGGRAPH 2008 Classes},
 series = {SIGGRAPH '08},
 year = {2008},
 location = {Los Angeles, California},
 pages = {89:1--89:154},
 articleno = {89},
 numpages = {154},
 url = {http://doi.acm.org/10.1145/1401132.1401247},
 doi = {10.1145/1401132.1401247},
 acmid = {1401247},
 publisher = {ACM},
 address = {New York, NY, USA},
} 

@inproceedings{Hegeman:2006,
 author = {Hegeman, Kyle and Carr, Nathan A. and Miller, Gavin S. P.},
 title = {Particle-based Fluid Simulation on the GPU},
 booktitle = {Proceedings of the 6th International Conference on Computational Science - Volume Part IV},
 series = {ICCS'06},
 year = {2006},
 isbn = {3-540-34385-7, 978-3-540-34385-1},
 location = {Reading, UK},
 pages = {228--235},
 numpages = {8},
 url = {http://dx.doi.org/10.1007/11758549_35},
 doi = {10.1007/11758549_35},
 acmid = {2107300},
 publisher = {Springer-Verlag},
 address = {Berlin, Heidelberg},
}

@article{Reeves:1983,
 author = {Reeves, W. T.},
 title = {Particle Systems\&Mdash;a Technique for Modeling a Class of Fuzzy Objects},
 journal = {ACM Trans. Graph.},
 issue_date = {April 1983},
 volume = {2},
 number = {2},
 month = apr,
 year = {1983},
 issn = {0730-0301},
 pages = {91--108},
 numpages = {18},
 url = {http://doi.acm.org/10.1145/357318.357320},
 doi = {10.1145/357318.357320},
 acmid = {357320},
 publisher = {ACM},
 address = {New York, NY, USA},
} 

@article{Liu:2013,
 author = {Liu, Tiantian and Bargteil, Adam W. and O'Brien, James F. and Kavan, Ladislav},
 title = {Fast Simulation of Mass-spring Systems},
 journal = {ACM Trans. Graph.},
 issue_date = {November 2013},
 volume = {32},
 number = {6},
 month = nov,
 year = {2013},
 issn = {0730-0301},
 pages = {214:1--214:7},
 articleno = {214},
 numpages = {7},
 url = {http://doi.acm.org/10.1145/2508363.2508406},
 doi = {10.1145/2508363.2508406},
 acmid = {2508406},
 publisher = {ACM},
 address = {New York, NY, USA},
 keywords = {implicit Euler method, mass-spring systems, time integration},
} 

@article{Georgii:2005,
title = "Mass-spring systems on the \{GPU\} ",
journal = "Simulation Modelling Practice and Theory ",
volume = "13",
number = "8",
pages = "693 - 702",
year = "2005",
note = "Programmable Graphics Hardware ",
issn = "1569-190X",
doi = "https://doi.org/10.1016/j.simpat.2005.08.004",
url = "http://www.sciencedirect.com/science/article/pii/S1569190X05000857",
author = "Joachim Georgii and RÃ¼diger Westermann",
keywords = "Physics-based simulation",
keywords = "GPU simulation",
keywords = "Mass-spring systems "
}

@inproceedings{barbieri:2013,
  title={Fast Uniform Grid Construction on GPGPUs Using Atomic Operations.},
  author={Barbieri, Davide and Cardellini, Valeria and Filippone, Salvatore},
  booktitle={PARCO},
  pages={295--304},
  year={2013}
}

@article{brodtkorb:2012,
  title={GPU programming strategies and trends in GPU computing},
  author={Brodtkorb, Andr{\'e} R and Hagen, Trond R and S{\ae}tra, Martin L},
  journal={Journal of Parallel and Distributed Computing},
  year={2012}
}

@article{bailey:2013,
  title={Using GPU shaders for visualization, Part 3},
  author={Bailey, Mike},
  journal={IEEE computer graphics and applications},
  volume={33},
  number={3},
  pages={5--11},
  year={2013},
  publisher={IEEE}
}

@article{stone:2010,
  title={OpenCL: A parallel programming standard for heterogeneous computing systems},
  author={Stone, John E and Gohara, David and Shi, Guochun},
  journal={Computing in science \& engineering},
  volume={12},
  number={3},
  pages={66--73},
  year={2010},
  publisher={IEEE}
}
